@misc{TF,
title={ {TensorFlow}: Large-Scale Machine Learning on Heterogeneous Systems},
url={https://www.tensorflow.org/},
note={Software available from tensorflow.org},
author={Google Brain Team},
  year={2015},
}
@misc{Keras,
	title={Keras},
	author={Chollet, Fran\c{c}ois and others},
	year={2015},
	howpublished={\url{https://keras.io}},
} 
@article{RMSprop,
	title={Divide the gradient by a running average of its recent magnitude. COURSERA Neural Netw},
	author={ G. Hinton},
	journal={COURSERA: Neural Networks for Machine Learning},
	volume={6},
	pages={26--31},
	year={2012}
}
@article{Adam,
	title={Adam: A method for stochastic optimization},
	author={Kingma, Diederik P and Ba, Jimmy},
	journal={arXiv preprint arXiv:1412.6980},
	year={2014}
}
@article{FN,
	title={Layer normalization},
	author={Ba, Jimmy Lei and Kiros, Jamie Ryan and Hinton, Geoffrey E},
	journal={arXiv preprint arXiv:1607.06450},
	year={2016}
}
@inproceedings{He,
	title={Delving deep into rectifiers: Surpassing human-level performance on imagenet classification},
	author={He, Kaiming and Zhang, Xiangyu and Ren, Shaoqing and Sun, Jian},
	booktitle={Proceedings of the IEEE international conference on computer vision},
	pages={1026--1034},
	year={2015}
}
@article{ReLU,
	title={Digital selection and analogue amplification coexist in a cortex-inspired silicon circuit},
	author={Hahnloser, Richard HR and Sarpeshkar, Rahul and Mahowald, Misha A and Douglas, Rodney J and Seung, H Sebastian},
	journal={Nature},
	volume={405},
	number={6789},
	pages={947--951},
	year={2000},
	publisher={Nature Publishing Group}
}
@inproceedings{Leaky-ReLU,
	title={Rectifier nonlinearities improve neural network acoustic models},
	author={Maas, Andrew L and Hannun, Awni Y and Ng, Andrew Y},
	booktitle={Proc. icml},
	volume={30},
	pages={3},
	year={2013},
	organization={Citeseer}
}
@article{ELU,
	title={Fast and accurate deep network learning by exponential linear units (elus)},
	author={Clevert, Djork-Arn{\'e} and Unterthiner, Thomas and Hochreiter, Sepp},
	journal={arXiv preprint arXiv:1511.07289},
	year={2015}
}
@techreport{Cuts-Paper,
	title         = {Measurement of the production cross-section of isolated
	photon pairs in pp collisions at 13 TeV with the ATLAS
	detector},
	institution   = {CERN},
	collaboration = {ATLAS Collaboration},
	author		  = {ATLAS Collaboration},	
	address       = {Geneva},
	reportNumber  = {ATLAS-CONF-2020-024},
	month         = {Jul},
	year          = {2020},
	url           = {http://cds.cern.ch/record/2725552},
}
@article{Higgs-Disco,
	title = {Observation of a new particle in the search for the Standard Model Higgs boson with the ATLAS detector at the LHC},
	journal = {Physics Letters B},
	volume = {716},
	number = {1},
	pages = {1-29},
	year = {2012},
	issn = {0370-2693},
	doi = {https://doi.org/10.1016/j.physletb.2012.08.020},
	url = {https://www.sciencedirect.com/science/article/pii/S037026931200857X},
	author = {G. Aad and T. Abajyan and B. Abbott and J. Abdallah and S. Abdel Khalek}
}
@article{Higgs-Dicso-CMS,
	title = {Observation of a new boson at a mass of 125 GeV with the CMS experiment at the LHC},
	journal = {Physics Letters B},
	volume = {716},
	number = {1},
	pages = {30-61},
	year = {2012},
	issn = {0370-2693},
	doi = {https://doi.org/10.1016/j.physletb.2012.08.021},
	url = {https://www.sciencedirect.com/science/article/pii/S0370269312008581},
	author = {S. Chatrchyan et Al.}
}
@article{SHERPA,
	title={Event generation with SHERPA 1.1},
	author={Gleisberg, Tanju and H{\"o}che, Stefan and Krauss, F and Sch{\"o}nherr, M and Schumann, S and Siegert, F and Winter, J},
	journal={Journal of High Energy Physics},
	volume={2009},
	number={02},
	pages={007},
	year={2009},
	publisher={IOP Publishing}
}
@article{Perceptron,
	title={The perceptron: a probabilistic model for information storage and organization in the brain.},
	author={Rosenblatt, Frank},
	journal={Psychological review},
	volume={65},
	number={6},
	pages={386},
	year={1958},
	publisher={American Psychological Association}
}
@article{LHAPDF,
	title={LHAPDF6: parton density access in the LHC precision era},
	author={Buckley, Andy and Ferrando, James and Lloyd, Stephen and Nordstr{\"o}m, Karl and Page, Ben and R{\"u}fenacht, Martin and Sch{\"o}nherr, Marek and Watt, Graeme},
	journal={The European Physical Journal C},
	volume={75},
	number={3},
	pages={1--20},
	year={2015},
	publisher={Springer}
}
@inproceedings{feature-scaling,
	title={Feature scaling in support vector data description},
	author={Juszczak, Piotr and Tax, D and Duin, Robert PW},
	booktitle={Proc. asci},
	pages={95--102},
	year={2002},
	organization={Citeseer}
}
@incollection{huber,
	title={Robust estimation of a location parameter},
	author={Huber, Peter J},
	booktitle={Breakthroughs in statistics},
	pages={492--518},
	year={1992},
	publisher={Springer}
}
@techreport{diphoton-aktuell,
	title={Search for resonances decaying into photon pairs in 139 fb$^{-1}$ of $pp$ collisions at $\sqrt{s}$= 13 TeV with the ATLAS detector},
	author={Aad, Georges and Kupco, Alexander and Chan, Jay and Dreyer, Timo and Wang, Yufeng and Jakobs, Karl and Le, Brian and Spousta, Martin and Cobal, Marina and Tateno, Gen and others},
	year={2021},
	institution={ATLAS-HIGG-2018-27-003}
}
@article{gradient-descent,
	title={The method of steepest descent for non-linear minimization problems},
	author={Curry, Haskell B},
	journal={Quarterly of Applied Mathematics},
	volume={2},
	number={3},
	pages={258--261},
	year={1944}
}
@incollection{sgd,
	title={A convergence theorem for non negative almost supermartingales and some applications},
	author={Robbins, Herbert and Siegmund, David},
	booktitle={Optimizing methods in statistics},
	pages={233--257},
	year={1971},
	publisher={Elsevier}
}
@article{TL,
	title={A survey on transfer learning},
	author={Pan, Sinno Jialin and Yang, Qiang},
	journal={IEEE Transactions on knowledge and data engineering},
	volume={22},
	number={10},
	pages={1345--1359},
	year={2009},
	publisher={IEEE}
}
@incollection{hyperband,
	title={Evolving deep neural networks},
	author={Miikkulainen, Risto and Liang, Jason and Meyerson, Elliot and Rawal, Aditya and Fink, Daniel and Francon, Olivier and Raju, Bala and Shahrzad, Hormoz and Navruzyan, Arshak and Duffy, Nigel and others},
	booktitle={Artificial intelligence in the age of neural networks and brain computing},
	pages={293--312},
	year={2019},
	publisher={Elsevier}
}
@inproceedings{bayesian,
	title={Sequential model-based optimization for general algorithm configuration},
	author={Hutter, Frank and Hoos, Holger H and Leyton-Brown, Kevin},
	booktitle={International conference on learning and intelligent optimization},
	pages={507--523},
	year={2011},
	organization={Springer}
}
 @misc{cuda,
	author={NVIDIA and Vingelmann, PÃ©ter and Fitzek, Frank H.P.},
	title={CUDA, release: 11.3.0},
	year={2021},
	url={https://developer.nvidia.com/cuda-toolkit},
} 
@article{ATLAS,
	author        = {ATLAS Collaboration},
	title         = {The ATLAS Experiment at the CERN Large Hadron Collider},
	journal       = {JINST},
	collaboration = {ATLAS Collaboration},
	volume        = {3},
	pages         = {S08003. 437 p},
	year          = {2008},
	url           = {https://cds.cern.ch/record/1129811},
	note          = {Also published by CERN Geneva in 2010},
	doi           = {10.1088/1748-0221/3/08/S08003},
}

@article{CMS,
	author        = {CMS Collaboration},
	title         = {The CMS experiment at the CERN LHC. The Compact Muon
	Solenoid experiment},
	journal       = {JINST},
	collaboration = {CMS Collaboration},
	volume        = {3},
	pages         = {S08004. 361 p},
	year          = {2008},
	url           = {https://cds.cern.ch/record/1129810},
	note          = {Also published by CERN Geneva in 2010},
	doi           = {10.1088/1748-0221/3/08/S08004},
}